<record><leader>00000cas a22000007a 4500</leader><controlfield tag="001">10208562</controlfield><controlfield tag="008">831210d190u1914ohuwr ne      0    0eng d</controlfield><datafield ind1=" " ind2=" " tag="010"><subfield code="a">sn 83035646 </subfield></datafield><datafield ind1=" " ind2=" " tag="040"><subfield code="a">NPY</subfield><subfield code="b">eng</subfield><subfield code="c">NPY</subfield><subfield code="d">OCLCQ</subfield></datafield><datafield ind1=" " ind2=" " tag="042"><subfield code="a">msc</subfield></datafield><datafield ind1="0" ind2=" " tag="130"><subfield code="a">Cuyahoga County Democrat (Cleveland, Ohio)</subfield></datafield><datafield ind1="1" ind2="0" tag="245"><subfield code="a">Cuyahoga County Democrat.</subfield></datafield><datafield ind1=" " ind2=" " tag="260"><subfield code="a">Cleveland, Ohio (Collinwood Station) :</subfield><subfield code="b">Cuyahoga Pub. Co.</subfield></datafield><datafield ind1=" " ind2=" " tag="300"><subfield code="a">v. :</subfield><subfield code="b">ill. ;</subfield><subfield code="c">54 cm.</subfield></datafield><datafield ind1=" " ind2=" " tag="310"><subfield code="a">Weekly</subfield></datafield><datafield ind1="1" ind2=" " tag="362"><subfield code="a">Ceased in 1914?</subfield></datafield><datafield ind1=" " ind2=" " tag="500"><subfield code="a">Published on Thursday.</subfield></datafield><datafield ind1=" " ind2=" " tag="500"><subfield code="a">Editor: Gladstone Henry Smith.</subfield></datafield><datafield ind1=" " ind2=" " tag="550"><subfield code="a">Official Democratic newspaper of the Villages of Collinwood, Cleveland Heights, Nottingham and Euclid.</subfield></datafield><datafield ind1=" " ind2=" " tag="580"><subfield code="a">Published from same office: Collinwood news which had the same text, &lt;1909-1913&gt;.</subfield></datafield><datafield ind1=" " ind2=" " tag="588"><subfield code="a">Description based on: Eighth year, no. 541 [New ser. No. 291] (Jan. 7, 1909).</subfield></datafield><datafield ind1="1" ind2=" " tag="700"><subfield code="a">Smith, Gladstone Henry.</subfield></datafield><datafield ind1=" " ind2=" " tag="752"><subfield code="a">United States</subfield><subfield code="b">Ohio</subfield><subfield code="c">Cuyahoga</subfield><subfield code="d">Collinwood.</subfield></datafield><datafield ind1=" " ind2=" " tag="752"><subfield code="a">United States</subfield><subfield code="b">Ohio</subfield><subfield code="c">Cuyahoga</subfield><subfield code="d">Cleveland.</subfield></datafield><datafield ind1="0" ind2=" " tag="787"><subfield code="t">Collinwood news</subfield><subfield code="w">(DLC)sn 83035645</subfield></datafield><datafield ind1="1" ind2=" " tag="029"><subfield code="a">AU@</subfield><subfield code="b">000025786742</subfield></datafield></record>